@phdthesis{何同弟0高光谱图像的分类技术研究,
  title={高光谱图像的分类技术研究},
  author={何同弟},
  school={重庆大学},
}
@article{2020HybridSN,
  title={HybridSN: Exploring 3D-2D CNN Feature Hierarchy for Hyperspectral Image Classification},
  author={ Roy, S. K.  and  Krishna, G.  and  Dubey, S. R.  and  Chaudhuri, Bidyut B. },
  journal={IEEE Geoscience and Remote Sensing Letters},
  volume={17},
  number={2},
  pages={277-281},
  year={2020},
}
@article{Tesera__,
  title={\url{https://blog.csdn.net/Giselle__/article/details/112160957}},
  author={T},
  volume={20},
  number={2},
  year={1991},
  publisher={ACM}
}
@book{,
  title={On the propagation of errors in the size of join results},
  author={Ioannidis, Yannis E and Christodoulakis, Stavros},
  volume={20},
  number={2},
  year={1991},
  publisher={ACM}
}

@inproceedings{selinger1979access,
  title={Access path selection in a relational database management system},
  author={Selinger, P Griffiths and Astrahan, Morton M and Chamberlin, Donald D and Lorie, Raymond A and Price, Thomas G},
  booktitle={Proceedings of the 1979 ACM SIGMOD international conference on Management of data},
  pages={23--34},
  year={1979},
  organization={ACM}
}

@article{kooi1980optimization,
  title={The optimization of queries in relational databases},
  author={Kooi, Robert Philip},
  year={1980},
  publisher={Case Western Reserve University}
}

@article{piatetsky1984accurate,
  title={Accurate estimation of the number of tuples satisfying a condition},
  author={Piatetsky-Shapiro, Gregory and Connell, Charles},
  journal={ACM Sigmod Record},
  volume={14},
  number={2},
  pages={256--276},
  year={1984},
  publisher={ACM}
}

@article{ioannidis1993optimal,
  title={Optimal histograms for limiting worst-case error propagation in the size of join results},
  author={Ioannidis, Yannis E and Christodoulakis, Stavros},
  journal={ACM Transactions on Database Systems (TODS)},
  volume={18},
  number={4},
  pages={709--748},
  year={1993},
  publisher={ACM}
}

@inproceedings{muralikrishna1988equi,
  title={Equi-depth multidimensional histograms},
  author={Muralikrishna, M and DeWitt, David J},
  booktitle={ACM SIGMOD Record},
  volume={17},
  number={3},
  pages={28--36},
  year={1988},
  organization={ACM}
}

@inproceedings{bruno2001stholes,
  title={STHoles: a multidimensional workload-aware histogram},
  author={Bruno, Nicolas and Chaudhuri, Surajit and Gravano, Luis},
  booktitle={ACM SIGMOD Record},
  volume={30},
  number={2},
  pages={211--222},
  year={2001},
  organization={ACM}
}

@inproceedings{augustyn2017copula,
  title={Copula-Based Module for Selectivity Estimation of Multidimensional Range Queries},
  author={Augustyn, Dariusz Rafal},
  booktitle={International Conference on Man--Machine Interactions},
  pages={569--580},
  year={2017},
  organization={Springer}
}

@article{muthukrishnan1999rectangular,
  title={On rectangular partitionings in two dimensions: Algorithms, complexity and applications},
  author={Muthukrishnan, S and Poosala, Viswanath and Suel, Torsten},
  journal={Database Theory—ICDT’99},
  pages={236--256},
  year={1999},
  publisher={Springer}
}

@inproceedings{blohsfeld1999comparison,
  title={A comparison of selectivity estimators for range queries on metric attributes},
  author={Blohsfeld, Bj{\"o}rn and Korus, Dieter and Seeger, Bernhard},
  booktitle={ACM SIGMOD Record},
  volume={28},
  number={2},
  pages={239--250},
  year={1999},
  organization={ACM}
}

@inproceedings{heimel2015self,
  title={Self-tuning, GPU-accelerated kernel density models for multidimensional selectivity estimation},
  author={Heimel, Max and Kiefer, Martin and Markl, Volker},
  booktitle={Proceedings of the 2015 ACM SIGMOD International Conference on Management of Data},
  pages={1477--1492},
  year={2015},
  organization={ACM}
}

@inproceedings{getoor2001selectivity,
  title={Selectivity estimation using probabilistic models},
  author={Getoor, Lise and Taskar, Benjamin and Koller, Daphne},
  booktitle={ACM SIGMOD Record},
  volume={30},
  pages={461--472},
  year={2001},
  organization={ACM}
}

@article{tzoumas2011lightweight,
  title={Lightweight graphical models for selectivity estimation without independence assumptions},
  author={Tzoumas, Kostas and Deshpande, Amol and Jensen, Christian S},
  journal={Proceedings of the VLDB Endowment},
  volume={4},
  number={11},
  pages={852--863},
  year={2011}
}

@inproceedings{to2013entropy,
  title={Entropy-based histograms for selectivity estimation},
  author={To, Hien and Chiang, Kuorong and Shahabi, Cyrus},
  booktitle={Proceedings of the 22nd ACM international conference on Information \& Knowledge Management},
  pages={1939--1948},
  year={2013},
  organization={ACM}
}

@article{cooper1990computational,
  title={The computational complexity of probabilistic inference using Bayesian belief networks},
  author={Cooper, Gregory F},
  journal={Artificial intelligence},
  volume={42},
  number={2-3},
  pages={393--405},
  year={1990},
  publisher={Elsevier}
}

@inproceedings{chaudhuri1999random,
  title={On random sampling over joins},
  author={Chaudhuri, Surajit and Motwani, Rajeev and Narasayya, Vivek},
  booktitle={ACM SIGMOD Record},
  volume={28},
  number={2},
  pages={263--274},
  year={1999},
  organization={ACM}
}

@article{vengerov2015join,
  title={Join size estimation subject to filter conditions},
  author={Vengerov, David and Menck, Andre Cavalheiro and Zait, Mohamed and Chakkappen, Sunil P},
  journal={Proceedings of the VLDB Endowment},
  volume={8},
  number={12},
  pages={1530--1541},
  year={2015},
  publisher={VLDB Endowment}
}

@inproceedings{stillger2001leo,
  title={LEO-DB2's learning optimizer},
  author={Stillger, Michael and Lohman, Guy M and Markl, Volker and Kandil, Mokhtar},
  booktitle={VLDB},
  volume={1},
  pages={19--28},
  year={2001}
}

@article{leis2015good,
  title={How good are query optimizers, really?},
  author={Leis, Viktor and Gubichev, Andrey and Mirchev, Atanas and Boncz, Peter and Kemper, Alfons and Neumann, Thomas},
  journal={Proceedings of the VLDB Endowment},
  volume={9},
  number={3},
  pages={204--215},
  year={2015},
  publisher={VLDB Endowment}
}

@inproceedings{lipton1990query,
  title={Query size estimation by adaptive sampling},
  author={Lipton, Richard J and Naughton, Jeffrey F},
  booktitle={Proceedings of the ninth ACM SIGACT-SIGMOD-SIGART symposium on Principles of database systems},
  pages={40--46},
  year={1990},
  organization={ACM}
}

@article{chow1968approximating,
  title={Approximating discrete probability distributions with dependence trees},
  author={Chow, C and Liu, Cong},
  journal={IEEE transactions on Information Theory},
  volume={14},
  number={3},
  pages={462--467},
  year={1968},
  publisher={IEEE}
}

@article{robertson1986graph,
  title={Graph minors. II. Algorithmic aspects of tree-width},
  author={Robertson, Neil and Seymour, Paul D.},
  journal={Journal of algorithms},
  volume={7},
  number={3},
  pages={309--322},
  year={1986},
  publisher={Elsevier}
}

@inproceedings{jaakkola2010learning,
  title={Learning Bayesian network structure using LP relaxations},
  author={Jaakkola, Tommi and Sontag, David and Globerson, Amir and Meila, Marina},
  booktitle={Proceedings of the Thirteenth International Conference on Artificial Intelligence and Statistics},
  pages={358--365},
  year={2010}
}

@article{heckerman1995learning,
  title={Learning Bayesian networks: The combination of knowledge and statistical data},
  author={Heckerman, David and Geiger, Dan and Chickering, David M},
  journal={Machine learning},
  volume={20},
  number={3},
  pages={197--243},
  year={1995},
  publisher={Springer}
}

@inproceedings{leis2017cardinality,
  title={Cardinality Estimation Done Right: Index-Based Join Sampling.},
  author={Leis, Viktor and Radke, Bernharde and Gubichev, Andrey and Kemper, Alfons and Neumann, Thomas},
  booktitle={CIDR},
  year={2017}
}

@inproceedings{chen2017two,
  title={Two-Level Sampling for Join Size Estimation},
  author={Chen, Yu and Yi, Ke},
  booktitle={Proceedings of the 2017 ACM International Conference on Management of Data},
  pages={759--774},
  year={2017},
  organization={ACM}
}

@book{cowell2006probabilistic,
  title={Probabilistic networks and expert systems: Exact computational methods for Bayesian networks},
  author={Cowell, Robert G and Dawid, Philip and Lauritzen, Steffen L and Spiegelhalter, David J},
  year={2006},
  publisher={Springer Science \& Business Media}
}

@book{hwang1992steiner,
  title={The Steiner tree problem},
  author={Hwang, Frank K and Richards, Dana S and Winter, Pawel},
  volume={53},
  year={1992},
  publisher={Elsevier}
}

@inproceedings{poosala1996improved,
  title={Improved histograms for selectivity estimation of range predicates},
  author={Poosala, Viswanath and Haas, Peter J and Ioannidis, Yannis E and Shekita, Eugene J},
  booktitle={ACM Sigmod Record},
  volume={25},
  number={2},
  pages={294--305},
  year={1996},
  organization={ACM}
}

@article{zhao2018random,
  title={Random Sampling over Joins Revisited},
  author={Zhao, Zhuoyue and Christensen, Robert and Li, Feifei and Hu, Xiao and Yi, Ke},
  year={2018}
}

@phdthesis{olken1993random,
  title={Random sampling from databases},
  author={Olken, Frank},
  year={1993},
  school={University of California, Berkeley}
}

@inproceedings{acharya1999join,
  title={Join synopses for approximate query answering},
  author={Acharya, Swarup and Gibbons, Phillip B and Poosala, Viswanath and Ramaswamy, Sridhar},
  booktitle={ACM SIGMOD Record},
  volume={28},
  number={2},
  pages={275--286},
  year={1999},
  organization={ACM}
}

@inproceedings{li2016wander,
  title={Wander join: Online aggregation via random walks},
  author={Li, Feifei and Wu, Bin and Yi, Ke and Zhao, Zhuoyue},
  booktitle={Proceedings of the 2016 International Conference on Management of Data},
  pages={615--629},
  year={2016},
  organization={ACM}
}

@article{hellerstein2019looking,
  title={Looking back at Postgres},
  author={Hellerstein, Joseph M},
  journal={arXiv preprint arXiv:1901.01973},
  year={2019}
}

@inproceedings{armbrust2015spark,
  title={Spark sql: Relational data processing in spark},
  author={Armbrust, Michael and Xin, Reynold S and Lian, Cheng and Huai, Yin and Liu, Davies and Bradley, Joseph K and Meng, Xiangrui and Kaftan, Tomer and Franklin, Michael J and Ghodsi, Ali and others},
  booktitle={Proceedings of the 2015 ACM SIGMOD International Conference on Management of Data},
  pages={1383--1394},
  year={2015},
  organization={ACM}
}

@book{chen1994adaptive,
  title={Adaptive selectivity estimation using query feedback},
  author={Chen, Chungmin Melvin and Roussopoulos, Nick},
  volume={23},
  number={2},
  year={1994},
  publisher={ACM}
}

@article{traverso2013presto,
  title={Presto: Interacting with petabytes of data at Facebook},
  author={Traverso, Martin},
  journal={Retrieved February},
  volume={4},
  pages={2014},
  year={2013}
}

@inproceedings{poess2007you,
  title={Why you should run TPC-DS: a workload analysis},
  author={Poess, Meikel and Nambiar, Raghunath Othayoth and Walrath, David},
  booktitle={Proceedings of the 33rd international conference on Very large data bases},
  pages={1138--1149},
  year={2007},
  organization={VLDB Endowment}
}

@article{moerkotte2009preventing,
  title={Preventing bad plans by bounding the impact of cardinality estimation errors},
  author={Moerkotte, Guido and Neumann, Thomas and Steidl, Gabriele},
  journal={Proceedings of the VLDB Endowment},
  volume={2},
  number={1},
  pages={982--993},
  year={2009},
  publisher={VLDB Endowment}
}

@book{jensen1996introduction,
  title={An introduction to Bayesian networks},
  author={Jensen, Finn V},
  volume={210},
  year={1996},
  publisher={UCL press London}
}

@article{kipf2018learned,
  title={Learned Cardinalities: Estimating Correlated Joins with Deep Learning},
  author={Kipf, Andreas and Kipf, Thomas and Radke, Bernhard and Leis, Viktor and Boncz, Peter and Kemper, Alfons},
  journal={arXiv preprint arXiv:1809.00677},
  year={2018}
}

@article{leis2018query,
  title={Query optimization through the looking glass, and what we found running the join order benchmark},
  author={Leis, Viktor and Radke, Bernhard and Gubichev, Andrey and Mirchev, Atanas and Boncz, Peter and Kemper, Alfons and Neumann, Thomas},
  journal={The VLDB Journal},
  pages={1--26},
  year={2018},
  publisher={Springer}
}
